@article{Alvarez:2011my,
      author         = "Alvarez, V. and others",
      title          = "{The NEXT-100 experiment for neutrinoless double beta
                        decay searches (Conceptual Design Report)}",
      collaboration  = "NEXT",
      year           = "2011",
      eprint         = "1106.3630",
      archivePrefix  = "arXiv",
      primaryClass   = "physics.ins-det",
      SLACcitation   = "%%CITATION = ARXIV:1106.3630;%%"
}
@article{Bergstrom:2016cbh,
      author         = "Bergstrom, Johannes and Gonzalez-Garcia, M. C. and
                        Maltoni, Michele and Pena-Garay, Carlos and Serenelli,
                        Aldo M. and Song, Ningqiang",
      title          = "{Updated Determination of the Solar Neutrino Fluxes from
                        Solar Neutrino Data}",
      journal        = "JHEP",
      volume         = "03",
      year           = "2016",
      pages          = "132",
      doi            = "10.1007/JHEP03(2016)132",
      eprint         = "1601.00972",
      archivePrefix  = "arXiv",
      primaryClass   = "hep-ph",
      reportNumber   = "IFT-UAM-CSIC-15-135, YITP-SB-16-1",
      SLACcitation   = "%%CITATION = ARXIV:1601.00972;%%"
}

@article{Song:2015xaa,
      author         = "Song, Ningqiang and Boyero Garcia, R. and Gomez-Cadenas,
                        J. J. and Gonzalez-Garcia, M. C. and Peralta Conde, A. and
                        Taron, Josep",
      title          = "{Conditions for Statistical Determination of the Neutrino
                        Mass Spectrum in Radiative Emission of Neutrino Pairs in
                        Atoms}",
      journal        = "Phys. Rev.",
      volume         = "D93",
      year           = "2016",
      number         = "1",
      pages          = "013020",
      doi            = "10.1103/PhysRevD.93.013020",
      eprint         = "1510.00421",
      archivePrefix  = "arXiv",
      primaryClass   = "hep-ph",
      reportNumber   = "YITP-SB-15-38",
      SLACcitation   = "%%CITATION = ARXIV:1510.00421;%%"
}


%%% contains utf-8, see: https://inspirehep.net/info/faq/general#utf8
%%% add \usepackage[utf8]{inputenc} to your latex preamble

@article{Corbett:2015lfa,
      author         = "Corbett, Tyler and Éboli, O. J. P. and Gonzalez-Garcia,
                        M. C.",
      title          = "{Inverse amplitude method for the perturbative
                        electroweak symmetry breaking sector: The singlet Higgs
                        portal as a study case}",
      journal        = "Phys. Rev.",
      volume         = "D93",
      year           = "2016",
      number         = "1",
      pages          = "015005",
      doi            = "10.1103/PhysRevD.93.015005",
      eprint         = "1509.01585",
      archivePrefix  = "arXiv",
      primaryClass   = "hep-ph",
      reportNumber   = "YITP-SB-15-34",
      SLACcitation   = "%%CITATION = ARXIV:1509.01585;%%"
}


%%% contains utf-8, see: https://inspirehep.net/info/faq/general#utf8
%%% add \usepackage[utf8]{inputenc} to your latex preamble

@article{Hernandez:2015wna,
      author         = "Hernández, P. and Kekic, M. and López-Pavón, J. and
                        Racker, J. and Rius, N.",
      title          = "{Leptogenesis in GeV scale seesaw models}",
      journal        = "JHEP",
      volume         = "10",
      year           = "2015",
      pages          = "067",
      doi            = "10.1007/JHEP10(2015)067",
      eprint         = "1508.03676",
      archivePrefix  = "arXiv",
      primaryClass   = "hep-ph",
      reportNumber   = "IFIC-15-44, SISSA-35-2015-FISI",
      SLACcitation   = "%%CITATION = ARXIV:1508.03676;%%"
}

@article{Bergstrom:2015rba,
      author         = "Bergstrom, Johannes and Gonzalez-Garcia, M. C. and
                        Maltoni, Michele and Schwetz, Thomas",
      title          = "{Bayesian global analysis of neutrino oscillation data}",
      journal        = "JHEP",
      volume         = "09",
      year           = "2015",
      pages          = "200",
      doi            = "10.1007/JHEP09(2015)200",
      eprint         = "1507.04366",
      archivePrefix  = "arXiv",
      primaryClass   = "hep-ph",
      SLACcitation   = "%%CITATION = ARXIV:1507.04366;%%"
}

@article{Aguilar-Arevalo:2015lvd,
      author         = "Aguilar-Arevalo, A. and others",
      title          = "{Measurement of Radioactive Contamination in the
                        High-Resistivity Silicon CCDs of the DAMIC Experiment}",
      collaboration  = "DAMIC",
      journal        = "JINST",
      volume         = "10",
      year           = "2015",
      number         = "08",
      pages          = "P08014",
      doi            = "10.1088/1748-0221/10/08/P08014",
      eprint         = "1506.02562",
      archivePrefix  = "arXiv",
      primaryClass   = "astro-ph.IM",
      reportNumber   = "FERMILAB-PUB-15-315-A-CD-E",
      SLACcitation   = "%%CITATION = ARXIV:1506.02562;%%"
}


%%% contains utf-8, see: https://inspirehep.net/info/faq/general#utf8
%%% add \usepackage[utf8]{inputenc} to your latex preamble

@article{Gago:2015vma,
      author         = "Gago, Alberto M. and Hernández, Pilar and Jones-Pérez,
                        Joel and Losada, Marta and Moreno Briceño, Alexander",
      title          = "{Probing the Type I Seesaw Mechanism with Displaced
                        Vertices at the LHC}",
      journal        = "Eur. Phys. J.",
      volume         = "C75",
      year           = "2015",
      number         = "10",
      pages          = "470",
      doi            = "10.1140/epjc/s10052-015-3693-1",
      eprint         = "1505.05880",
      archivePrefix  = "arXiv",
      primaryClass   = "hep-ph",
      SLACcitation   = "%%CITATION = ARXIV:1505.05880;%%"
}


%%% contains utf-8, see: https://inspirehep.net/info/faq/general#utf8
%%% add \usepackage[utf8]{inputenc} to your latex preamble

@article{Corbett:2014ora,
      author         = "Corbett, Tyler and Éboli, O. J. P. and
                        Gonzalez-Garcia, M. C.",
      title          = "{Unitarity Constraints on Dimension-Six Operators}",
      journal        = "Phys. Rev.",
      volume         = "D91",
      year           = "2015",
      number         = "3",
      pages          = "035014",
      doi            = "10.1103/PhysRevD.91.035014",
      eprint         = "1411.5026",
      archivePrefix  = "arXiv",
      primaryClass   = "hep-ph",
      reportNumber   = "YITP-SB-14-46",
      SLACcitation   = "%%CITATION = ARXIV:1411.5026;%%"
}

@article{Gonzalez-Garcia:2014bfa,
      author         = "Gonzalez-Garcia, M. C. and Maltoni, Michele and Schwetz,
                        Thomas",
      title          = "{Updated fit to three neutrino mixing: status of leptonic
                        CP violation}",
      journal        = "JHEP",
      volume         = "11",
      year           = "2014",
      pages          = "052",
      doi            = "10.1007/JHEP11(2014)052",
      eprint         = "1409.5439",
      archivePrefix  = "arXiv",
      primaryClass   = "hep-ph",
      reportNumber   = "IFT-UAM-CSIC-14-095, YITP-SB-14-31",
      SLACcitation   = "%%CITATION = ARXIV:1409.5439;%%"
}


%%% contains utf-8, see: https://inspirehep.net/info/faq/general#utf8
%%% add \usepackage[utf8]{inputenc} to your latex preamble

@article{Vincent:2014rja,
      author         = "Vincent, Aaron C. and Martinez, Enrique Fernandez and
                        Hernández, Pilar and Lattanzi, Massimiliano and Mena,
                        Olga",
      title          = "{Revisiting cosmological bounds on sterile neutrinos}",
      journal        = "JCAP",
      volume         = "1504",
      year           = "2015",
      number         = "04",
      pages          = "006",
      doi            = "10.1088/1475-7516/2015/04/006",
      eprint         = "1408.1956",
      archivePrefix  = "arXiv",
      primaryClass   = "astro-ph.CO",
      reportNumber   = "IFIC-14-53, FTUAM-14-32, IFT-UAM-CSIC-14-075",
      SLACcitation   = "%%CITATION = ARXIV:1408.1956;%%"
}


%%% contains utf-8, see: https://inspirehep.net/info/faq/general#utf8
%%% add \usepackage[utf8]{inputenc} to your latex preamble

@article{Bergstrom:2014fqa,
      author         = "Bergström, Johannes and Gonzalez-Garcia, M. C. and Niro,
                        V. and Salvado, J.",
      title          = "{Statistical tests of sterile neutrinos using cosmology
                        and short-baseline data}",
      journal        = "JHEP",
      volume         = "10",
      year           = "2014",
      pages          = "104",
      doi            = "10.1007/JHEP10(2014)104",
      eprint         = "1407.3806",
      archivePrefix  = "arXiv",
      primaryClass   = "hep-ph",
      reportNumber   = "YITP-SB-14-21, ICCUB-14-054, UB-ECM-PF-14-80",
      SLACcitation   = "%%CITATION = ARXIV:1407.3806;%%"
}

@article{Gavela:2014vra,
      author         = "Gavela, M. B. and Gonzalez-Fraile, J. and
                        Gonzalez-Garcia, M. C. and Merlo, L. and Rigolin, S. and
                        Yepes, J.",
      title          = "{CP violation with a dynamical Higgs}",
      journal        = "JHEP",
      volume         = "10",
      year           = "2014",
      pages          = "44",
      doi            = "10.1007/JHEP10(2014)044",
      eprint         = "1406.6367",
      archivePrefix  = "arXiv",
      primaryClass   = "hep-ph",
      reportNumber   = "FTUAM-14-22, IFT-UAM-CSIC-14-056, YITP-SB-14-17,
                        DFPD-2014-TH-13",
      SLACcitation   = "%%CITATION = ARXIV:1406.6367;%%"
}

@article{Hernandez:2014fha,
      author         = "Hernandez, P. and Kekic, M. and Lopez-Pavon, J.",
      title          = "{$N_{\rm eff}$ in low-scale seesaw models versus the
                        lightest neutrino mass}",
      journal        = "Phys. Rev.",
      volume         = "D90",
      year           = "2014",
      number         = "6",
      pages          = "065033",
      doi            = "10.1103/PhysRevD.90.065033",
      eprint         = "1406.2961",
      archivePrefix  = "arXiv",
      primaryClass   = "hep-ph",
      reportNumber   = "IFIC-14-25, SISSA-19-2014-FISI",
      SLACcitation   = "%%CITATION = ARXIV:1406.2961;%%"
}


%%% contains utf-8, see: https://inspirehep.net/info/faq/general#utf8
%%% add \usepackage[utf8]{inputenc} to your latex preamble

@article{Brivio:2014pfa,
      author         = "Brivio, I. and Éboli, O. J. P. and Gavela, M. B. and
                        Gonzalez-Garcia, M. C. and Merlo, L. and Rigolin, S.",
      title          = "{Higgs ultraviolet softening}",
      journal        = "JHEP",
      volume         = "12",
      year           = "2014",
      pages          = "004",
      doi            = "10.1007/JHEP12(2014)004",
      eprint         = "1405.5412",
      archivePrefix  = "arXiv",
      primaryClass   = "hep-ph",
      reportNumber   = "FTUAM-14-17, IFT-UAM-CSIC-14-039, YITP-SB-14-12,
                        DFPD-2014-TH-11",
      SLACcitation   = "%%CITATION = ARXIV:1405.5412;%%"
}

@article{Adey:2014rfv,
      author         = "Adey, D. and others",
      title          = "{Light sterile neutrino sensitivity at the nuSTORM
                        facility}",
      collaboration  = "nuSTORM",
      journal        = "Phys. Rev.",
      volume         = "D89",
      year           = "2014",
      number         = "7",
      pages          = "071301",
      doi            = "10.1103/PhysRevD.89.071301",
      eprint         = "1402.5250",
      archivePrefix  = "arXiv",
      primaryClass   = "hep-ex",
      reportNumber   = "FERMILAB-PUB-14-043-APC-PPD",
      SLACcitation   = "%%CITATION = ARXIV:1402.5250;%%"
}

@article{Hernandez:2013lza,
      author         = "Hernandez, P. and Kekic, M. and Lopez-Pavon, J.",
      title          = "{Low-scale seesaw models versus $N_{eff}$}",
      journal        = "Phys. Rev.",
      volume         = "D89",
      year           = "2014",
      number         = "7",
      pages          = "073009",
      doi            = "10.1103/PhysRevD.89.073009",
      eprint         = "1311.2614",
      archivePrefix  = "arXiv",
      primaryClass   = "hep-ph",
      reportNumber   = "IFIC-13-81, SISSA-50-2013-FISI",
      SLACcitation   = "%%CITATION = ARXIV:1311.2614;%%"
}


%%% contains utf-8, see: https://inspirehep.net/info/faq/general#utf8
%%% add \usepackage[utf8]{inputenc} to your latex preamble

@article{Brivio:2013pma,
      author         = "Brivio, I. and Corbett, T. and Éboli, O. J. P. and
                        Gavela, M. B. and Gonzalez-Fraile, J. and Gonzalez-Garcia,
                        M. C. and Merlo, L. and Rigolin, S.",
      title          = "{Disentangling a dynamical Higgs}",
      journal        = "JHEP",
      volume         = "03",
      year           = "2014",
      pages          = "024",
      doi            = "10.1007/JHEP03(2014)024",
      eprint         = "1311.1823",
      archivePrefix  = "arXiv",
      primaryClass   = "hep-ph",
      reportNumber   = "FTUAM-13-32, IFT-UAM-CSIC-13-119, YITP-SB-13-33,
                        DFPD-2013-TH-20",
      SLACcitation   = "%%CITATION = ARXIV:1311.1823;%%"
}

@article{Gonzalez-Garcia:2013iha,
      author         = "Gonzalez-Garcia, M. C. and Halzen, F. and Niro, V.",
      title          = "{Reevaluation of the Prospect of Observing Neutrinos from
                        Galactic Sources in the Light of Recent Results in Gamma
                        Ray and Neutrino Astronomy}",
      journal        = "Astropart. Phys.",
      volume         = "57-58",
      year           = "2014",
      pages          = "39-48",
      doi            = "10.1016/j.astropartphys.2014.04.001",
      eprint         = "1310.7194",
      archivePrefix  = "arXiv",
      primaryClass   = "astro-ph.HE",
      reportNumber   = "YITP-SB-13-34, UB-ECM-PF-95-13, ICCUB-13-232",
      SLACcitation   = "%%CITATION = ARXIV:1310.7194;%%"
}

@article{DellaMorte:2013yca,
      author         = "Della Morte, M. and Hernandez, P.",
      title          = "{A non-perturbative study of massive gauge theories}",
      journal        = "JHEP",
      volume         = "11",
      year           = "2013",
      pages          = "213",
      doi            = "10.1007/JHEP11(2013)213",
      eprint         = "1309.3326",
      archivePrefix  = "arXiv",
      primaryClass   = "hep-lat",
      SLACcitation   = "%%CITATION = ARXIV:1309.3326;%%"
}

@article{Gonzalez-Garcia:2013usa,
      author         = "Gonzalez-Garcia, M. C. and Maltoni, Michele",
      title          = "{Determination of matter potential from global analysis
                        of neutrino oscillation data}",
      journal        = "JHEP",
      volume         = "09",
      year           = "2013",
      pages          = "152",
      doi            = "10.1007/JHEP09(2013)152",
      eprint         = "1307.3092",
      archivePrefix  = "arXiv",
      reportNumber   = "IFT-UAM-CSIC-13-078, YITP-SB-13-20",
      SLACcitation   = "%%CITATION = ARXIV:1307.3092;%%"
}

@article{Bross:2013oua,
      author         = "Bross, A. and others",
      title          = "{Toroidal magnetized iron neutrino detector for a
                        neutrino factory}",
      journal        = "Phys. Rev. ST Accel. Beams",
      volume         = "16",
      year           = "2013",
      number         = "8",
      pages          = "081002",
      doi            = "10.1103/PhysRevSTAB.16.081002",
      eprint         = "1306.5327",
      archivePrefix  = "arXiv",
      primaryClass   = "physics.ins-det",
      reportNumber   = "FERMILAB-PUB-13-657-APC-PPD",
      SLACcitation   = "%%CITATION = ARXIV:1306.5327;%%"
}

@article{Fong:2013gaa,
      author         = "Fong, Chee Sheng and Gonzalez-Garcia, M. C. and Nardi,
                        Enrico and Peinado, Eduardo",
      title          = "{New ways to TeV scale leptogenesis}",
      journal        = "JHEP",
      volume         = "08",
      year           = "2013",
      pages          = "104",
      doi            = "10.1007/JHEP08(2013)104",
      eprint         = "1305.6312",
      archivePrefix  = "arXiv",
      primaryClass   = "hep-ph",
      SLACcitation   = "%%CITATION = ARXIV:1305.6312;%%"
}

@article{Edgecock:2013lga,
      author         = "Edgecock, T. R. and others",
      title          = "{High intensity neutrino oscillation facilities in
                        Europe: The EUROnu Project}",
      journal        = "Phys. Rev. ST Accel. Beams",
      volume         = "16",
      year           = "2013",
      number         = "2",
      pages          = "021002",
      doi            = "10.1103/PhysRevSTAB.16.021002",
      eprint         = "1305.4067",
      archivePrefix  = "arXiv",
      primaryClass   = "physics.acc-ph",
      reportNumber   = "FERMILAB-PUB-13-656-APC-PPD",
      SLACcitation   = "%%CITATION = ARXIV:1305.4067;%%"
}


%%% contains utf-8, see: https://inspirehep.net/info/faq/general#utf8
%%% add \usepackage[utf8]{inputenc} to your latex preamble

@article{Corbett:2013pja,
      author         = "Corbett, Tyler and Éboli, O. J. P. and Gonzalez-Fraile,
                        J. and Gonzalez-Garcia, M. C.",
      title          = "{Determining Triple Gauge Boson Couplings from Higgs
                        Data}",
      journal        = "Phys. Rev. Lett.",
      volume         = "111",
      year           = "2013",
      pages          = "011801",
      doi            = "10.1103/PhysRevLett.111.011801",
      eprint         = "1304.1151",
      archivePrefix  = "arXiv",
      primaryClass   = "hep-ph",
      SLACcitation   = "%%CITATION = ARXIV:1304.1151;%%"
}

@article{Blennow:2013swa,
      author         = "Blennow, Mattias and Coloma, Pilar and Donini, Andrea and
                        Fernandez-Martinez, Enrique",
      title          = "{Gain fractions of future neutrino oscillation facilities
                        over T2K and NOvA}",
      journal        = "JHEP",
      volume         = "07",
      year           = "2013",
      pages          = "159",
      doi            = "10.1007/JHEP07(2013)159",
      eprint         = "1303.0003",
      archivePrefix  = "arXiv",
      primaryClass   = "hep-ph",
      reportNumber   = "IFIC-13-07, IFT-UAM-CSIC-13-019, FTUAM-13-130",
      SLACcitation   = "%%CITATION = ARXIV:1303.0003;%%"
}

@article{GonzalezGarcia:2012yq,
      author         = "Gonzalez-Garcia, M. C. and Niro, V. and Salvado, Jordi",
      title          = "{Dark Radiation and Decaying Matter}",
      journal        = "JHEP",
      volume         = "04",
      year           = "2013",
      pages          = "052",
      doi            = "10.1007/JHEP04(2013)052",
      eprint         = "1212.1472",
      archivePrefix  = "arXiv",
      primaryClass   = "hep-ph",
      SLACcitation   = "%%CITATION = ARXIV:1212.1472;%%"
}

@article{Corbett:2012ja,
      author         = "Corbett, Tyler and Eboli, O. J. P. and Gonzalez-Fraile,
                        J. and Gonzalez-Garcia, M. C.",
      title          = "{Robust Determination of the Higgs Couplings: Power to
                        the Data}",
      journal        = "Phys. Rev.",
      volume         = "D87",
      year           = "2013",
      pages          = "015022",
      doi            = "10.1103/PhysRevD.87.015022",
      eprint         = "1211.4580",
      archivePrefix  = "arXiv",
      primaryClass   = "hep-ph",
      reportNumber   = "YITP-SB-12-42",
      SLACcitation   = "%%CITATION = ARXIV:1211.4580;%%"
}

@article{SolagurenBeascoa:2012cz,
      author         = "Solaguren-Beascoa, A. and Gonzalez-Garcia, M. C.",
      title          = "{Dark Radiation Confronting LHC in Z' Models}",
      journal        = "Phys. Lett.",
      volume         = "B719",
      year           = "2013",
      pages          = "121-125",
      doi            = "10.1016/j.physletb.2012.12.065",
      eprint         = "1210.6350",
      archivePrefix  = "arXiv",
      primaryClass   = "hep-ph",
      reportNumber   = "YITP-SB-12-40, ICCUB-12-356",
      SLACcitation   = "%%CITATION = ARXIV:1210.6350;%%"
}

@article{GonzalezGarcia:2012sz,
      author         = "Gonzalez-Garcia, M. C. and Maltoni, Michele and Salvado,
                        Jordi and Schwetz, Thomas",
      title          = "{Global fit to three neutrino mixing: critical look at
                        present precision}",
      journal        = "JHEP",
      volume         = "12",
      year           = "2012",
      pages          = "123",
      doi            = "10.1007/JHEP12(2012)123",
      eprint         = "1209.3023",
      archivePrefix  = "arXiv",
      primaryClass   = "hep-ph",
      reportNumber   = "IFT-UAM-CSIC-12-88, YITP-SB-12-33",
      SLACcitation   = "%%CITATION = ARXIV:1209.3023;%%"
}

@article{Bayes:2012ex,
      author         = "Bayes, R. and Laing, A. and Soler, F. J. P. and Cervera
                        Villanueva, A. and Gomez Cadenas, J. J. and Hernandez, P.
                        and Martin-Albo, J. and Burguet-Castell, J.",
      title          = "{The Golden Channel at a Neutrino Factory revisited:
                        improved sensitivities from a Magnetised Iron Neutrino
                        Detector}",
      journal        = "Phys. Rev.",
      volume         = "D86",
      year           = "2012",
      pages          = "093015",
      doi            = "10.1103/PhysRevD.86.093015",
      eprint         = "1208.2735",
      archivePrefix  = "arXiv",
      primaryClass   = "hep-ex",
      SLACcitation   = "%%CITATION = ARXIV:1208.2735;%%"
}

@article{Corbett:2012dm,
      author         = "Corbett, Tyler and Eboli, O. J. P. and Gonzalez-Fraile,
                        J. and Gonzalez-Garcia, M. C.",
      title          = "{Constraining anomalous Higgs interactions}",
      journal        = "Phys. Rev.",
      volume         = "D86",
      year           = "2012",
      pages          = "075013",
      doi            = "10.1103/PhysRevD.86.075013",
      eprint         = "1207.1344",
      archivePrefix  = "arXiv",
      primaryClass   = "hep-ph",
      SLACcitation   = "%%CITATION = ARXIV:1207.1344;%%"
}

@article{Donini:2012tt,
      author         = "Donini, A. and Hernandez, P. and Lopez-Pavon, J. and
                        Maltoni, M. and Schwetz, T.",
      title          = "{The minimal 3+2 neutrino model versus oscillation
                        anomalies}",
      journal        = "JHEP",
      volume         = "07",
      year           = "2012",
      pages          = "161",
      doi            = "10.1007/JHEP07(2012)161",
      eprint         = "1205.5230",
      archivePrefix  = "arXiv",
      primaryClass   = "hep-ph",
      reportNumber   = "IFIC-12-34, IFT-UAM-CSIC-12-47, PPP-12-34-DCPT-12-68,
                        EURONU-WP6-12-50",
      SLACcitation   = "%%CITATION = ARXIV:1205.5230;%%"
}

@article{Agarwalla:2012zu,
      author         = "Agarwalla, Sanjib Kumar and Hernandez, Pilar",
      title          = "{Probing the Neutrino Mass Hierarchy with
                        Super-Kamiokande}",
      journal        = "JHEP",
      volume         = "10",
      year           = "2012",
      pages          = "086",
      doi            = "10.1007/JHEP10(2012)086",
      eprint         = "1204.4217",
      archivePrefix  = "arXiv",
      primaryClass   = "hep-ph",
      reportNumber   = "IFIC-12-29, EURONU-WP6-12-49",
      SLACcitation   = "%%CITATION = ARXIV:1204.4217;%%"
}

@article{Hernandez:2012zz,
      author         = "Hernandez, Pilar",
      title          = "{CP violation in the neutrino sector: The new frontier}",
      journal        = "Comptes Rendus Physique",
      volume         = "13",
      year           = "2012",
      pages          = "186-192",
      doi            = "10.1016/j.crhy.2011.10.015",
      SLACcitation   = "%%CITATION = CRPOB,13,186;%%"
}

@article{Coloma:2012wq,
      author         = "Coloma, Pilar and Donini, Andrea and Fernandez-Martinez,
                        Enrique and Hernandez, Pilar",
      title          = "{Precision on leptonic mixing parameters at future
                        neutrino oscillation experiments}",
      journal        = "JHEP",
      volume         = "06",
      year           = "2012",
      pages          = "073",
      doi            = "10.1007/JHEP06(2012)073",
      eprint         = "1203.5651",
      archivePrefix  = "arXiv",
      primaryClass   = "hep-ph",
      reportNumber   = "CERN-PH-TH-2012-071, IFIC-12-21, IFT-UAM-CSIC-12-24,
                        EURONU-WP6-12-47, --EURONU-WP6-12-47",
      SLACcitation   = "%%CITATION = ARXIV:1203.5651;%%"
}

@article{Eboli:2011ye,
      author         = "Eboli, O. J. P. and Gonzalez-Fraile, J. and
                        Gonzalez-Garcia, M. C.",
      title          = "{Present Bounds on New Neutral Vector Resonances from
                        Electroweak Gauge Boson Pair Production at the LHC}",
      journal        = "Phys. Rev.",
      volume         = "D85",
      year           = "2012",
      pages          = "055019",
      doi            = "10.1103/PhysRevD.85.055019",
      eprint         = "1112.0316",
      archivePrefix  = "arXiv",
      primaryClass   = "hep-ph",
      reportNumber   = "YITP-SB-11-42",
      SLACcitation   = "%%CITATION = ARXIV:1112.0316;%%"
}

@article{Hernandez:2011hz,
      author         = "Hernandez, Fernando Perez and Oreiro, Raquel and Hu,
                        Haili",
      title          = "{Angular momentum transfer between oscillations and
                        rotation in subdwarf B hybrid pulsators}",
      journal        = "Astron. Astrophys.",
      volume         = "535",
      year           = "2011",
      pages          = "A96",
      doi            = "10.1051/0004-6361/201117435",
      eprint         = "1109.4076",
      archivePrefix  = "arXiv",
      primaryClass   = "astro-ph.SR",
      SLACcitation   = "%%CITATION = ARXIV:1109.4076;%%"
}

@article{Eboli:2011ia,
      author         = "Eboli, O. J. P. and Gonzalez-Fraile, J. and
                        Gonzalez-Garcia, M. C.",
      title          = "{Neutrino Masses at LHC: Minimal Lepton Flavour Violation
                        in Type-III See-saw}",
      journal        = "JHEP",
      volume         = "12",
      year           = "2011",
      pages          = "009",
      doi            = "10.1007/JHEP12(2011)009",
      eprint         = "1108.0661",
      archivePrefix  = "arXiv",
      primaryClass   = "hep-ph",
      reportNumber   = "YITP-SB-11-28-ICCUB-11-163",
      SLACcitation   = "%%CITATION = ARXIV:1108.0661;%%"
}

@article{Fong:2011yx,
      author         = "Fong, Chee Sheng and Gonzalez-Garcia, M. C. and Nardi,
                        Enrico",
      title          = "{Leptogenesis from Soft Supersymmetry Breaking (Soft
                        Leptogenesis)}",
      journal        = "Int. J. Mod. Phys.",
      volume         = "A26",
      year           = "2011",
      pages          = "3491-3604",
      doi            = "10.1142/S0217751X1105405X",
      eprint         = "1107.5312",
      archivePrefix  = "arXiv",
      primaryClass   = "hep-ph",
      SLACcitation   = "%%CITATION = ARXIV:1107.5312;%%"
}

@article{RuizFuertes:2011fb,
      author         = "Ruiz-Fuertes, J. and others",
      title          = "{High-pressure Raman spectroscopy and lattice-dynamics
                        calculations on scintillating $MgWO_4$: A Comparison with
                        isomorphic compounds}",
      journal        = "Phys. Rev.",
      volume         = "B83",
      year           = "2011",
      pages          = "214112",
      doi            = "10.1103/PhysRevB.83.214112",
      eprint         = "1107.0160",
      archivePrefix  = "arXiv",
      primaryClass   = "cond-mat.mtrl-sci",
      SLACcitation   = "%%CITATION = ARXIV:1107.0160;%%"
}

@article{Donini:2011jh,
      author         = "Donini, A. and Hernandez, P. and Lopez-Pavon, J. and
                        Maltoni, M.",
      title          = "{Minimal models with light sterile neutrinos}",
      journal        = "JHEP",
      volume         = "07",
      year           = "2011",
      pages          = "105",
      doi            = "10.1007/JHEP07(2011)105",
      eprint         = "1106.0064",
      archivePrefix  = "arXiv",
      primaryClass   = "hep-ph",
      reportNumber   = "IFIC-11-23, IFT-UAM-CSIC-11-29, PPP-11-23-DCPT-11-46,
                        EURONU-WP6-11-36",
      SLACcitation   = "%%CITATION = ARXIV:1106.0064;%%"
}

@article{Coloma:2011rq,
      author         = "Coloma, P. and Donini, A. and Lopez-Pavon, J. and
                        Minakata, H.",
      title          = "{Non-Standard Interactions at a Neutrino Factory:
                        Correlations and CP violation}",
      journal        = "JHEP",
      volume         = "08",
      year           = "2011",
      pages          = "036",
      doi            = "10.1007/JHEP08(2011)036",
      eprint         = "1105.5936",
      archivePrefix  = "arXiv",
      primaryClass   = "hep-ph",
      SLACcitation   = "%%CITATION = ARXIV:1105.5936;%%"
}

@article{GonzalezGarcia:2011my,
      author         = "Gonzalez-Garcia, M. C. and Maltoni, Michele and Salvado,
                        Jordi",
      title          = "{Testing matter effects in propagation of atmospheric and
                        long-baseline neutrinos}",
      journal        = "JHEP",
      volume         = "05",
      year           = "2011",
      pages          = "075",
      doi            = "10.1007/JHEP05(2011)075",
      eprint         = "1103.4365",
      archivePrefix  = "arXiv",
      primaryClass   = "hep-ph",
      reportNumber   = "YITP-SB-11-07, IFT-UAM-CSIC-11-07",
      SLACcitation   = "%%CITATION = ARXIV:1103.4365;%%"
}

@article{Ahlers:2011jj,
      author         = "Ahlers, M. and Gonzalez-Garcia, M. C. and Halzen, F.",
      title          = "{GRBs on probation: testing the UHE CR paradigm with
                        IceCube}",
      journal        = "Astropart. Phys.",
      volume         = "35",
      year           = "2011",
      pages          = "87-94",
      doi            = "10.1016/j.astropartphys.2011.05.008",
      eprint         = "1103.3421",
      archivePrefix  = "arXiv",
      primaryClass   = "astro-ph.HE",
      reportNumber   = "YITP-SB-11-08",
      SLACcitation   = "%%CITATION = ARXIV:1103.3421;%%"
}

@article{Eboli:2011bq,
      author         = "Eboli, O. J. P. and Fong, Chee Sheng and Gonzalez-Fraile,
                        J. and Gonzalez-Garcia, M. C.",
      title          = "{Determination of the Spin of New Resonances in
                        Electroweak Gauge Boson Pair Production at the LHC}",
      journal        = "Phys. Rev.",
      volume         = "D83",
      year           = "2011",
      pages          = "095014",
      doi            = "10.1103/PhysRevD.83.095014",
      eprint         = "1102.3429",
      archivePrefix  = "arXiv",
      primaryClass   = "hep-ph",
      reportNumber   = "YITP-SB-11-04",
      SLACcitation   = "%%CITATION = ARXIV:1102.3429;%%"
}

@article{Fong:2010bv,
      author         = "Fong, Chee Sheng and Gonzalez-Garcia, M. C. and Nardi,
                        Enrico",
      title          = "{Early Universe effective theories: The Soft Leptogenesis
                        and R-Genesis Cases}",
      journal        = "JCAP",
      volume         = "1102",
      year           = "2011",
      pages          = "032",
      doi            = "10.1088/1475-7516/2011/02/032",
      eprint         = "1012.1597",
      archivePrefix  = "arXiv",
      primaryClass   = "hep-ph",
      reportNumber   = "YITP-SB-10-42",
      SLACcitation   = "%%CITATION = ARXIV:1012.1597;%%"
}

@article{Fong:2010bh,
      author         = "Fong, Chee Sheng and Gonzalez-Garcia, M. C. and Racker,
                        J.",
      title          = "{CP Violation from Scatterings with Gauge Bosons in
                        Leptogenesis}",
      journal        = "Phys. Lett.",
      volume         = "B697",
      year           = "2011",
      pages          = "463-470",
      doi            = "10.1016/j.physletb.2011.02.025",
      eprint         = "1010.2209",
      archivePrefix  = "arXiv",
      primaryClass   = "hep-ph",
      reportNumber   = "YITP-SB-10-35, ICCUB-10-061",
      SLACcitation   = "%%CITATION = ARXIV:1010.2209;%%"
}

@article{Fong:2010qh,
      author         = "Fong, Chee Sheng and Gonzalez-Garcia, M. C. and Nardi,
                        Enrico and Racker, J.",
      title          = "{Supersymmetric Leptogenesis}",
      journal        = "JCAP",
      volume         = "1012",
      year           = "2010",
      pages          = "013",
      doi            = "10.1088/1475-7516/2010/12/013",
      eprint         = "1009.0003",
      archivePrefix  = "arXiv",
      primaryClass   = "hep-ph",
      reportNumber   = "YITP-SB-10-27",
      SLACcitation   = "%%CITATION = ARXIV:1009.0003;%%"
}

@article{Bernardoni:2010nf,
      author         = "Bernardoni, Fabio and Hernandez, Pilar and Garron,
                        Nicolas and Necco, Silvia and Pena, Carlos",
      title          = "{Probing the chiral regime of $N_{f}$= 2 QCD with mixed
                        actions}",
      journal        = "Phys. Rev.",
      volume         = "D83",
      year           = "2011",
      pages          = "054503",
      doi            = "10.1103/PhysRevD.83.054503",
      eprint         = "1008.1870",
      archivePrefix  = "arXiv",
      primaryClass   = "hep-lat",
      reportNumber   = "IFIC-10-27, FTUV-10-0810, FTUAM-10-10,
                        IFT-UAM-CSIC-10-47, CERN-PH-TH-2010-178,
                        EDINBURGH-2010-22",
      SLACcitation   = "%%CITATION = ARXIV:1008.1870;%%"
}

@article{GonzalezGarcia:2010un,
      author         = "Gonzalez-Garcia, M. C. and Maltoni, Michele and Salvado,
                        Jordi",
      title          = "{Robust Cosmological Bounds on Neutrinos and their
                        Combination with Oscillation Results}",
      journal        = "JHEP",
      volume         = "08",
      year           = "2010",
      pages          = "117",
      doi            = "10.1007/JHEP08(2010)117",
      eprint         = "1006.3795",
      archivePrefix  = "arXiv",
      primaryClass   = "hep-ph",
      reportNumber   = "YITP-SB-10-22, IFT-UAM-CSIC-10-42",
      SLACcitation   = "%%CITATION = ARXIV:1006.3795;%%"
}

@article{Eboli:2010qd,
      author         = "Eboli, O. J. P. and Gonzalez-Fraile, J. and
                        Gonzalez-Garcia, M. C.",
      title          = "{Scrutinizing the ZW+W- vertex at the Large Hadron
                        Collider at 7 TeV}",
      journal        = "Phys. Lett.",
      volume         = "B692",
      year           = "2010",
      pages          = "20-25",
      doi            = "10.1016/j.physletb.2010.07.013",
      eprint         = "1006.3562",
      archivePrefix  = "arXiv",
      primaryClass   = "hep-ph",
      reportNumber   = "YITP-SB-10-23",
      SLACcitation   = "%%CITATION = ARXIV:1006.3562;%%"
}

@article{Donini:2010xk,
      author         = "Donini, A. and Gomez Cadenas, J. J. and Meloni, D.",
      title          = "{The $\tau$-contamination of the golden muon sample at
                        the Neutrino Factory}",
      journal        = "JHEP",
      volume         = "02",
      year           = "2011",
      pages          = "095",
      doi            = "10.1007/JHEP02(2011)095",
      eprint         = "1005.2275",
      archivePrefix  = "arXiv",
      primaryClass   = "hep-ph",
      reportNumber   = "IFT-UAM-CSIC-10-31, IFIC-UV-CSIC-10-14, EURONU-WP6-10-17",
      SLACcitation   = "%%CITATION = ARXIV:1005.2275;%%"
}

@article{Ahlers:2010fw,
      author         = "Ahlers, M. and Anchordoqui, L. A. and Gonzalez-Garcia, M.
                        C. and Halzen, F. and Sarkar, S.",
      title          = "{GZK Neutrinos after the Fermi-LAT Diffuse Photon Flux
                        Measurement}",
      journal        = "Astropart. Phys.",
      volume         = "34",
      year           = "2010",
      pages          = "106-115",
      doi            = "10.1016/j.astropartphys.2010.06.003",
      eprint         = "1005.2620",
      archivePrefix  = "arXiv",
      primaryClass   = "astro-ph.HE",
      reportNumber   = "YITP-SB-10-014",
      SLACcitation   = "%%CITATION = ARXIV:1005.2620;%%"
}

@article{Fong:2010zu,
      author         = "Fong, Chee Sheng and Gonzalez-Garcia, M. C. and Nardi,
                        Enrico and Racker, J.",
      title          = "{Flavoured soft leptogenesis and natural values of the B
                        term}",
      journal        = "JHEP",
      volume         = "07",
      year           = "2010",
      pages          = "001",
      doi            = "10.1007/JHEP07(2010)001",
      eprint         = "1004.5125",
      archivePrefix  = "arXiv",
      primaryClass   = "hep-ph",
      reportNumber   = "YITP-SB-10-12, ICCUB-10-030",
      SLACcitation   = "%%CITATION = ARXIV:1004.5125;%%"
}

@article{Coloma:2010wa,
      author         = "Coloma, P. and Donini, A. and Migliozzi, P. and Scotto
                        Lavina, L. and Terranova, F.",
      title          = "{A minimal Beta Beam with high-Q ions to address CP
                        violation in the leptonic sector}",
      journal        = "Eur. Phys. J.",
      volume         = "C71",
      year           = "2011",
      pages          = "1674",
      doi            = "10.1140/epjc/s10052-011-1674-6",
      eprint         = "1004.3773",
      archivePrefix  = "arXiv",
      primaryClass   = "hep-ph",
      reportNumber   = "IFT-UAM-CSIC-10-18, EURONU-WP6-10-16",
      SLACcitation   = "%%CITATION = ARXIV:1004.3773;%%"
}

@article{Deheuvels:2010wh,
      author         = "Deheuvels, S. and others",
      title          = "{Seismic and spectroscopic characterization of the
                        solar-like pulsating CoRoT target HD 49385}",
      journal        = "Astron. Astrophys.",
      volume         = "515",
      year           = "2010",
      pages          = "A87",
      doi            = "10.1051/0004-6361/200913490",
      eprint         = "1003.4368",
      archivePrefix  = "arXiv",
      primaryClass   = "astro-ph.SR",
      SLACcitation   = "%%CITATION = ARXIV:1003.4368;%%"
}

@article{Hernandez:2010jj,
      author         = "Hernandez, F. Perez and Hernandez, I. Gonzalez",
      title          = "{Green's functions for far-side seismic images: a polar
                        expansion approach}",
      journal        = "Astrophys. J.",
      volume         = "711",
      year           = "2010",
      pages          = "853",
      doi            = "10.1088/0004-637X/711/2/853",
      eprint         = "1003.1103",
      archivePrefix  = "arXiv",
      primaryClass   = "astro-ph.SR",
      SLACcitation   = "%%CITATION = ARXIV:1003.1103;%%"
}

@article{GonzalezGarcia:2010er,
      author         = "Gonzalez-Garcia, M. C. and Maltoni, Michele and Salvado,
                        Jordi",
      title          = "{Updated global fit to three neutrino mixing: status of
                        the hints of theta13 > 0}",
      journal        = "JHEP",
      volume         = "04",
      year           = "2010",
      pages          = "056",
      doi            = "10.1007/JHEP04(2010)056",
      eprint         = "1001.4524",
      archivePrefix  = "arXiv",
      primaryClass   = "hep-ph",
      reportNumber   = "IFT-UAM-CSIC-10-04, YITP-SB-10-02",
      SLACcitation   = "%%CITATION = ARXIV:1001.4524;%%"
}

@article{Ahlers:2009ru,
      author         = "Ahlers, M. and Anchordoqui, L. A. and Gonzalez-Garcia, M.
                        C.",
      title          = "{Quantum Decoherence of Photons in the Presence of Hidden
                        U(1)s}",
      journal        = "Phys. Rev.",
      volume         = "D81",
      year           = "2010",
      pages          = "085025",
      doi            = "10.1103/PhysRevD.81.085025",
      eprint         = "0910.5483",
      archivePrefix  = "arXiv",
      primaryClass   = "hep-ph",
      reportNumber   = "YITP-SB-09-35",
      SLACcitation   = "%%CITATION = ARXIV:0910.5483;%%"
}

@article{GonzalezGarcia:2009ya,
      author         = "Gonzalez-Garcia, M. C. and Maltoni, Michele and Salvado,
                        Jordi",
      title          = "{Direct determination of the solar neutrino fluxes from
                        solar neutrino data}",
      journal        = "JHEP",
      volume         = "05",
      year           = "2010",
      pages          = "072",
      doi            = "10.1007/JHEP05(2010)072",
      eprint         = "0910.4584",
      archivePrefix  = "arXiv",
      primaryClass   = "hep-ph",
      reportNumber   = "YITP-SB-09-34, IFT-UAM-CSIC-09-50, EURONU-WP6-09-11",
      SLACcitation   = "%%CITATION = ARXIV:0910.4584;%%"
}

@article{Bernardoni:2009sx,
      author         = "Bernardoni, Fabio and Hernandez, Pilar and Necco, Silvia",
      title          = "{Heavy-light mesons in the epsilon-regime}",
      journal        = "JHEP",
      volume         = "01",
      year           = "2010",
      pages          = "070",
      doi            = "10.1007/JHEP01(2010)070",
      eprint         = "0910.2537",
      archivePrefix  = "arXiv",
      primaryClass   = "hep-lat",
      reportNumber   = "FTUV-09-1014, IFIC-09-43, CERN-PH-TH-2009-170",
      SLACcitation   = "%%CITATION = ARXIV:0910.2537;%%"
}

@article{GonzalezGarcia:2009qd,
      author         = "Gonzalez-Garcia, M. C. and Racker, J. and Rius, N.",
      title          = "{Leptogenesis without violation of B-L}",
      journal        = "JHEP",
      volume         = "11",
      year           = "2009",
      pages          = "079",
      doi            = "10.1088/1126-6708/2009/11/079",
      eprint         = "0909.3518",
      archivePrefix  = "arXiv",
      primaryClass   = "hep-ph",
      reportNumber   = "IFIC-09-44, FTUV-09-0909, YITP-SB-09-27",
      SLACcitation   = "%%CITATION = ARXIV:0909.3518;%%"
}

@article{Alves:2009aa,
      author         = "Alves, A. and Eboli, O. J. P. and Goncalves, D. and
                        Gonzalez-Garcia, M. C. and Mizukoshi, J. K.",
      title          = "{Signals for New Spin-1 Resonances in Electroweak Gauge
                        Boson Pair Production at the LHC}",
      journal        = "Phys. Rev.",
      volume         = "D80",
      year           = "2009",
      pages          = "073011",
      doi            = "10.1103/PhysRevD.80.073011",
      eprint         = "0907.2915",
      archivePrefix  = "arXiv",
      primaryClass   = "hep-ph",
      reportNumber   = "YITP-SB-09-22",
      SLACcitation   = "%%CITATION = ARXIV:0907.2915;%%"
}

@article{Choubey:2009ks,
      author         = "Choubey, Sandhya and Coloma, Pilar and Donini, Andrea and
                        Fernandez-Martinez, Enrique",
      title          = "{Optimized Two-Baseline Beta-Beam Experiment}",
      journal        = "JHEP",
      volume         = "12",
      year           = "2009",
      pages          = "020",
      doi            = "10.1088/1126-6708/2009/12/020",
      eprint         = "0907.2379",
      archivePrefix  = "arXiv",
      primaryClass   = "hep-ph",
      reportNumber   = "IFT-UAM-CSIC-09-33, MPP-2009-118, EURONU-WP6-09-07,
                        CUP-TH-09-01",
      SLACcitation   = "%%CITATION = ARXIV:0907.2379;%%"
}

@article{Garcia:2009yj,
      author         = "Garcia, R. A. and others",
      title          = "{Solar-like oscillations with low amplitude in the CoRoT
                        target HD 181906}",
      journal        = "Astron. Astrophys.",
      volume         = "506",
      year           = "2009",
      pages          = "41",
      doi            = "10.1051/0004-6361/200911910",
      eprint         = "0907.0608",
      archivePrefix  = "arXiv",
      primaryClass   = "astro-ph.SR",
      SLACcitation   = "%%CITATION = ARXIV:0907.0608;%%"
}

@article{Gavela:2009cd,
      author         = "Gavela, M. B. and Hambye, T. and Hernandez, D. and
                        Hernandez, P.",
      title          = "{Minimal Flavour Seesaw Models}",
      journal        = "JHEP",
      volume         = "09",
      year           = "2009",
      pages          = "038",
      doi            = "10.1088/1126-6708/2009/09/038",
      eprint         = "0906.1461",
      archivePrefix  = "arXiv",
      primaryClass   = "hep-ph",
      reportNumber   = "FTUAM-09-09, IFT-UAM-CSIC-09-27, ULB-TH-09-15,
                        IFIC-09-22, FTUV-09-0607",
      SLACcitation   = "%%CITATION = ARXIV:0906.1461;%%"
}

@article{GonzalezGarcia:2009jc,
      author         = "Gonzalez-Garcia, M. C. and Halzen, Francis and Mohapatra,
                        Soumya",
      title          = "{Identifying Galactic PeVatrons with Neutrinos}",
      journal        = "Astropart. Phys.",
      volume         = "31",
      year           = "2009",
      pages          = "437-444",
      doi            = "10.1016/j.astropartphys.2009.05.002",
      eprint         = "0902.1176",
      archivePrefix  = "arXiv",
      primaryClass   = "astro-ph.HE",
      reportNumber   = "YITP-SB-09-005",
      SLACcitation   = "%%CITATION = ARXIV:0902.1176;%%"
}

@article{Fong:2009iu,
      author         = "Fong, Chee Sheng and Gonzalez-Garcia, M. C.",
      title          = "{On Gaugino Contributions to Soft Leptogenesis}",
      journal        = "JHEP",
      volume         = "03",
      year           = "2009",
      pages          = "073",
      doi            = "10.1088/1126-6708/2009/03/073",
      eprint         = "0901.0008",
      archivePrefix  = "arXiv",
      primaryClass   = "hep-ph",
      reportNumber   = "YITP-SB-08-48",
      SLACcitation   = "%%CITATION = ARXIV:0901.0008;%%"
}

@article{Bandyopadhyay:2007kx,
      author         = "Bandyopadhyay, A.",
      editor         = "Choubey, S. and Gandhi, R. and Goswami, S. and Roberts,
                        B. L. and Bouchez, J. and Antoniadis, I. and Ellis, J. and
                        Giudice, G. F. and Schwetz, T. and Umasankar, S. and
                        others ",
      title          = "{Physics at a future Neutrino Factory and super-beam
                        facility}",
      collaboration  = "ISS Physics Working Group",
      journal        = "Rept. Prog. Phys.",
      volume         = "72",
      year           = "2009",
      pages          = "106201",
      doi            = "10.1088/0034-4885/72/10/106201",
      eprint         = "0710.4947",
      archivePrefix  = "arXiv",
      primaryClass   = "hep-ph",
      reportNumber   = "FERMILAB-PUB-07-789-APC, RAL-TR-2007-019",
      SLACcitation   = "%%CITATION = ARXIV:0710.4947;%%"
}
@article{Alvarez:2012flf,
      author         = "Alvarez, V. and others",
      title          = "{NEXT-100 Technical Design Report (TDR): Executive
                        Summary}",
      collaboration  = "NEXT",
      journal        = "JINST",
      volume         = "7",
      year           = "2012",
      pages          = "T06001",
      doi            = "10.1088/1748-0221/7/06/T06001",
      eprint         = "1202.0721",
      archivePrefix  = "arXiv",
      primaryClass   = "physics.ins-det",
      SLACcitation   = "%%CITATION = ARXIV:1202.0721;%%"
}
@inproceedings{Rodriguez:2012lma,
      author         = "Rodriguez, J. and Querol, M. and Diaz, J. and
                        Gomez-Cadenas, J. J. and Lorca, D. and Alvarez, V. and
                        Martinez, A. and Gil, Alejandro",
      title          = "{Mass production automated test system for the NEXT SiPM
                        tracking plane}",
      booktitle      = "{Proceedings, 2012 IEEE Nuclear Science Symposium and
                        Medical Imaging Conference (NSS/MIC 2012): Anaheim,
                        California, USA, October 29-November 3, 2012}",
      year           = "2012",
      pages          = "1106-1108",
      doi            = "10.1109/NSSMIC.2012.6551277",
      SLACcitation   = "%%CITATION = INSPIRE-1324607;%%"
}
@article{Alvarez:2012ub,
      author         = "Alvarez, V. and others",
      title          = "{SiPMs coated with TPB : coating protocol and
                        characterization for NEXT}",
      journal        = "JINST",
      volume         = "7",
      year           = "2012",
      pages          = "P02010",
      doi            = "10.1088/1748-0221/7/02/P02010",
      eprint         = "1201.2018",
      archivePrefix  = "arXiv",
      primaryClass   = "physics.ins-det",
      SLACcitation   = "%%CITATION = ARXIV:1201.2018;%%"
}
@article{Alvarez:2012haa,
      author         = "Alvarez, V. and others",
      title          = "{Design and characterization of the SiPM tracking system
                        of NEXT-DEMO, a demonstrator prototype of the NEXT-100
                        experiment}",
      collaboration  = "NEXT-100",
      journal        = "JINST",
      volume         = "8",
      year           = "2013",
      pages          = "T05002",
      doi            = "10.1088/1748-0221/8/05/T05002",
      eprint         = "1206.6199",
      archivePrefix  = "arXiv",
      primaryClass   = "physics.ins-det",
      SLACcitation   = "%%CITATION = ARXIV:1206.6199;%%"
}
@article{Abazajian:2012ys,
      author         = "Abazajian, K. N. and others",
      title          = "{Light Sterile Neutrinos: A White Paper}",
      year           = "2012",
      eprint         = "1204.5379",
      archivePrefix  = "arXiv",
      primaryClass   = "hep-ph",
      reportNumber   = "FERMILAB-PUB-12-881-PPD",
      SLACcitation   = "%%CITATION = ARXIV:1204.5379;%%"
      }
@article{Alvarez:2012as,
      author         = "Alvarez, V. and others",
      title          = "{Radiopurity control in the NEXT-100 double beta decay
                        experiment: procedures and initial measurements}",
      journal        = "JINST",
      volume         = "8",
      year           = "2013",
      pages          = "T01002",
      doi            = "10.1088/1748-0221/8/01/T01002",
      eprint         = "1211.3961",
      archivePrefix  = "arXiv",
      primaryClass   = "physics.ins-det",
      SLACcitation   = "%%CITATION = ARXIV:1211.3961;%%"
}
@article{Alvarez:2012yxw,
      author         = "Alvarez, V. and others",
      title          = "{Near-Intrinsic Energy Resolution for 30 to 662 keV Gamma
                        Rays in a High Pressure Xenon Electroluminescent TPC}",
      collaboration  = "NEXT",
      journal        = "Nucl. Instrum. Meth.",
      volume         = "A708",
      year           = "2013",
      pages          = "101-114",
      doi            = "10.1016/j.nima.2012.12.123",
      eprint         = "1211.4474",
      archivePrefix  = "arXiv",
      primaryClass   = "physics.ins-det",
      SLACcitation   = "%%CITATION = ARXIV:1211.4474;%%"
}
@article{Alvarez:2012zsz,
      author         = "Alvarez, V. and others",
      title          = "{Initial results of NEXT-DEMO, a large-scale prototype of
                        the NEXT-100 experiment}",
      collaboration  = "NEXT",
      journal        = "JINST",
      volume         = "8",
      year           = "2013",
      pages          = "P04002",
      doi            = "10.1088/1748-0221/8/04/P04002",
      eprint         = "1211.4838",
      archivePrefix  = "arXiv",
      primaryClass   = "physics.ins-det",
      SLACcitation   = "%%CITATION = ARXIV:1211.4838;%%"
}
@article{Alvarez:2012hu,
      author         = "Alvarez, V. and others",
      title          = "{Ionization and scintillation response of high-pressure
                        xenon gas to alpha particles}",
      collaboration  = "NEXT",
      journal        = "JINST",
      volume         = "8",
      year           = "2013",
      pages          = "P05025",
      doi            = "10.1088/1748-0221/8/05/P05025",
      eprint         = "1211.4508",
      archivePrefix  = "arXiv",
      primaryClass   = "physics.ins-det",
      SLACcitation   = "%%CITATION = ARXIV:1211.4508;%%"
}
@article{Alvarez:2013gxa,
      author         = "Alvarez, V. and others",
      title          = "{Operation and first results of the NEXT-DEMO prototype
                        using a silicon photomultiplier tracking array}",
      collaboration  = "NEXT",
      journal        = "JINST",
      volume         = "8",
      year           = "2013",
      pages          = "P09011",
      doi            = "10.1088/1748-0221/8/09/P09011",
      eprint         = "1306.0471",
      archivePrefix  = "arXiv",
      primaryClass   = "physics.ins-det",
      SLACcitation   = "%%CITATION = ARXIV:1306.0471;%%"
}
@article{Alvarez:2013wxj,
      author         = "Alvarez, V. and others",
      title          = "{Radiopurity control in the NEXT-100 double beta decay
                        experiment}",
      booktitle      = "{Proceedings,  	 4th Topical Workshop on Low
                        Radioactivity Techniques (LRT 2013)}",
      journal        = "AIP Conf. Proc.",
      volume         = "1549",
      year           = "2013",
      pages          = "46-49",
      doi            = "10.1063/1.4818073",
      SLACcitation   = "%%CITATION = APCPC,1549,46;%%"
}
@article{Alvarez:2013oha,
      author         = "Alvarez, V. and others",
      title          = "{Description and commissioning of NEXT-MM prototype:
                        first results from operation in a Xenon-Trimethylamine gas
                        mixture}",
      collaboration  = "NEXT",
      journal        = "JINST",
      volume         = "9",
      year           = "2014",
      pages          = "P03010",
      doi            = "10.1088/1748-0221/9/03/P03010",
      eprint         = "1311.3242",
      archivePrefix  = "arXiv",
      primaryClass   = "physics.ins-det",
      SLACcitation   = "%%CITATION = ARXIV:1311.3242;%%"
}
@article{Alvarez:2013kqa,
      author         = "Alvarez, V. and others",
      title          = "{Characterization of a medium size Xe/TMA TPC
                        instrumented with microbulk Micromegas, using low-energy
                        $\gamma$-rays}",
      collaboration  = "NEXT",
      journal        = "JINST",
      volume         = "9",
      year           = "2014",
      pages          = "C04015",
      doi            = "10.1088/1748-0221/9/04/C04015",
      eprint         = "1311.3535",
      archivePrefix  = "arXiv",
      primaryClass   = "physics.ins-det",
      SLACcitation   = "%%CITATION = ARXIV:1311.3535;%%"
}
@article{Lorca:2014sra,
      author         = "Lorca, D. and others",
      title          = "{Characterisation of NEXT-DEMO using xenon K$_{\alpha}$
                        X-rays}",
      collaboration  = "NEXT",
      journal        = "JINST",
      volume         = "9",
      year           = "2014",
      number         = "10",
      pages          = "P10007",
      doi            = "10.1088/1748-0221/9/10/P10007",
      eprint         = "1407.3966",
      archivePrefix  = "arXiv",
      primaryClass   = "physics.ins-det",
      SLACcitation   = "%%CITATION = ARXIV:1407.3966;%%"
}
@article{Renner:2014mha,
      author         = "Renner, J. and others",
      title          = "{Ionization and scintillation of nuclear recoils in
                        gaseous xenon}",
      collaboration  = "NEXT",
      journal        = "Nucl. Instrum. Meth.",
      volume         = "A793",
      year           = "2015",
      pages          = "62-74",
      doi            = "10.1016/j.nima.2015.04.057",
      eprint         = "1409.2853",
      archivePrefix  = "arXiv",
      primaryClass   = "physics.ins-det",
      SLACcitation   = "%%CITATION = ARXIV:1409.2853;%%"
}
@inproceedings{Dafni:2014yja,
      author         = "Dafni, T. and others",
      title          = "{Results of the material screening program of the NEXT
                        experiment}",
      booktitle      = "{37th International Conference on High Energy Physics
                        (ICHEP 2014) Valencia, Spain, July 2-9, 2014}",
      collaboration  = "NEXT",
      url            = "https://inspirehep.net/record/1326134/files/arXiv:1411.1222.pdf",
      year           = "2014",
      eprint         = "1411.1222",
      archivePrefix  = "arXiv",
      primaryClass   = "physics.ins-det",
      SLACcitation   = "%%CITATION = ARXIV:1411.1222;%%"
}
@article{Alvarez:2014kvs,
      author         = "Cebrian, S. and others",
      title          = "{Radiopurity assessment of the tracking readout for the
                        NEXT double beta decay experiment}",
      collaboration  = "NEXT",
      journal        = "JINST",
      volume         = "10",
      year           = "2015",
      number         = "05",
      pages          = "P05006",
      doi            = "10.1088/1748-0221/10/05/P05006",
      eprint         = "1411.1433",
      archivePrefix  = "arXiv",
      primaryClass   = "physics.ins-det",
      SLACcitation   = "%%CITATION = ARXIV:1411.1433;%%"
}
@article{Serra:2014zda,
      author         = "Serra, L. and others",
      title          = "{An improved measurement of electron-ion recombination in
                        high-pressure xenon gas}",
      collaboration  = "NEXT",
      journal        = "JINST",
      volume         = "10",
      year           = "2015",
      number         = "03",
      pages          = "P03025",
      doi            = "10.1088/1748-0221/10/03/P03025",
      eprint         = "1412.3573",
      archivePrefix  = "arXiv",
      primaryClass   = "physics.ins-det",
      SLACcitation   = "%%CITATION = ARXIV:1412.3573;%%"
}
@article{Cebrian:2015jna,
      author         = "Cebrian, S. and others",
      title          = "{Radon and material radiopurity assessment for the NEXT
                        double beta decay experiment}",
      booktitle      = "{Proceedings, 5th Topical Workshop on Low Radioactivity
                        Techniques (LRT 2015)}",
      journal        = "AIP Conf. Proc.",
      volume         = "1672",
      year           = "2015",
      pages          = "060002",
      doi            = "10.1063/1.4927990, 10.1063/1.4927977",
      eprint         = "1505.07052",
      archivePrefix  = "arXiv",
      primaryClass   = "physics.ins-det",
      SLACcitation   = "%%CITATION = ARXIV:1505.07052;%%"
}
@article{Ferrario:2015kta,
      author         = "Ferrario, P. and others",
      title          = "{First proof of topological signature in the high
                        pressure xenon gas TPC with electroluminescence
                        amplification for the NEXT experiment}",
      collaboration  = "NEXT",
      journal        = "JHEP",
      volume         = "01",
      year           = "2016",
      pages          = "104",
      doi            = "10.1007/JHEP01(2016)104",
      eprint         = "1507.05902",
      archivePrefix  = "arXiv",
      primaryClass   = "physics.ins-det",
      SLACcitation   = "%%CITATION = ARXIV:1507.05902;%%"
}
@article{Martin-Albo:2015rhw,
      author         = "Martin-Albo, J. and others",
      title          = "{Sensitivity of NEXT-100 to neutrinoless double beta
                        decay}",
      collaboration  = "NEXT",
      year           = "2015",
      eprint         = "1511.09246",
      archivePrefix  = "arXiv",
      primaryClass   = "physics.ins-det",
      SLACcitation   = "%%CITATION = ARXIV:1511.09246;%%"
}
@article{Choubey:2011zzq,
      author         = "Choubey, S. and others",
      title          = "{International Design Study for the Neutrino Factory,
                        Interim Design Report}",
      collaboration  = "IDS-NF",
      year           = "2011",
      eprint         = "1112.2853",
      archivePrefix  = "arXiv",
      primaryClass   = "hep-ex",
      reportNumber   = "IDS-NF-20, BNL-96453-2011, CERN-ATS-2011-216,
                        EURONU-WP1-05, FERMILAB-PUB-11-581-APC, RAL-TR-2011-018,
                        FERMILAB-DESIGN-2011-01",
      SLACcitation   = "%%CITATION = ARXIV:1112.2853;%%"
}
